4613 5656
307 3648 430 3763 f)

237 4642 435 4894 ³¹²!

765 429 902 514 eja·
931 423 1236 512 judicium
1277 421 1358 486 de
1397 417 1704 504 Virgilioe
1766 417 2096 486 >Secundus
2147 429 2298 506 post
2347 421 2691 486 Homerum
2734 425 2831 486 est
2878 416 3212 504 Virgilius,
3262 419 3526 505 propior
3562 426 3771 488 tamen
3806 421 4015 512 primo
4054 435 4242 515 quan

772 533 984 598 tertio.
1049 529 1204 592 Inst.
1247 526 1352 590 10.
1397 525 1455 588 1.
1488 524 1608 588 86.
1685 523 1966 586 Pulchra
2003 529 2100 588 est
2138 525 2451 596 sententia
2492 525 2621 608 ejus
2634 569 2655 602 ,
2694 545 2827 588 nou
2870 545 2951 616 ex
3000 523 3246 586 ratione
3300 523 3553 607 quidem
3618 528 3675 586 ἐκ
3708 539 3815 586 τῶν
3850 536 3986 612 πρὸς
4044 535 4245 616 impla

773 634 946 698 dicta
985 631 1098 695 sed
1137 629 1416 692 efficiens
1455 626 1654 690 idem:
1693 625 1876 708 „Ego
1919 628 2222 706 accusavi,
2259 649 2373 691 vos
2398 627 2797 690 (Ιιιιιιιιιιιῐίιιέ6
2840 624 3024 710 (lust.
3066 625 3131 688 ὃ.
3177 624 3280 688 10.
3308 625 3445 709 78.)
3482 628 3647 692 Tum
3674 639 3929 694 venuste
3952 633 4243 703 Mallium

773 737 1018 808 Suram,
1055 731 1315 794 multum
1353 731 1424 792 in
1465 728 1706 812 agendo
1748 727 2196 792 discut-sautem
2237 738 2302 794 et
2343 739 2661 812 gerentem
2698 750 2766 790 ae
2784 727 3187 812 ineptissime,
3226 727 3377 790 Noa
3400 749 3585 814 uqa-e
3606 731 3765 794 dixit
3814 733 3923 796 sed
3946 745 4241 822 satagere.

774 837 892 901 αἱ.
939 837 1042 900 11.
1081 836 1145 898 5.
1188 833 1337 896 196.
1424 831 1800 914 Urbaneque
1837 832 2070 896 Flavus
2115 831 2447 914 Verginius
2482 831 2893 914 interrogavit
2934 829 3013 893 de
3054 829 3325 914 quodam
3367 851 3479 892 suo
3537 833 3973 916 antisophistez
4032 838 4246 917 „Quot

775 941 946 1002 milia
973 957 1267 1020 passuum
1305 935 1764 997 declamasset.“
1805 933 1986 1018 (lust.
2013 934 2076 998 6.
2102 936 2164 996 5.
2183 931 2323 1018 54.)
2367 933 2619 996 Urbane
2664 953 2805 994 usus
2846 941 2942 994 est
2982 932 3142 994 Afer
3182 931 3411 1005 ironia,
3453 953 3593 994 cum
3633 935 3827 1000 Didio
3870 937 4060 1000 Gallo
4076 985 4101 1016 ,
4136 940 4248 1024 qui

769 1040 1158 1126 provinciam
1191 1035 1678 1098 ambitiosissime
1715 1036 2006 1118 petierat,
2044 1035 2271 1097 deinde
2312 1036 2643 1118 impetrata
2678 1057 2775 1108 ea,
2814 1043 3111 1118 tanquam
3138 1042 3409 1108 coaetus,
3432 1035 3811 1118 querebatur
3834 1041 4023 1126 „Age
4042 1039 4248 1126 inquit

779 1142 1022 1227 aliquid
1061 1149 1126 1202 et
1167 1140 1259 1202 rei
1299 1137 1589 1221 publicae
1631 1158 1814 1200 causa
1850 1136 2096 1202 elabora
2119 1145 2162 1174 ‘⁶
2204 1136 2336 1222 (cui
2381 1139 2521 1200 voci
2562 1137 2805 1220 egregie
2844 1145 2909 1198 et
2950 1136 3234 1220 patiendi
3278 1145 3343 1198 et
3378 1139 3601 1222 agendi
3636 1143 3949 1203 sententia
3972 1139 4247 1224 subjecta

780 1253 894 1309 est.
939 1243 1094 1306 Inst.
1133 1241 1196 1304 6.
1237 1243 1300 1304 5.
1319 1240 1460 1324 68.)
1530 1238 1776 1302 Deinde
1815 1238 1882 1300 in
1926 1260 2002 1302 eo
2037 1260 2266 1322 genere
2310 1239 2709 1314 facetiarum,
2751 1238 2920 1324 quod
2962 1246 3057 1300 est
3098 1237 3181 1299 ad
3223 1238 3653 1322 decipiendam
3692 1241 4053 1323 opinionem
4090 1267 4253 1308 com·

775 1355 1067 1432 paratum
1108 1353 1175 1407 et
1217 1343 1604 1426 inopinatum
1647 1348 1712 1404 et
1762 1361 1801 1401 a
1854 1339 2198 1404 lacessente
2252 1341 2405 1423 poni
2444 1341 2645 1416 solet,
2703 1338 3201 1404 venustissimum
3254 1349 3349 1404 est
3401 1341 3567 1403 illud
3618 1342 3805 1416 Arri,
3870 1343 4123 1418 „Homo
4178 1347 4252 1409 in

785 1448 1042 1534 agendis
1079 1445 1280 1507 causis
1317 1443 1551 1526 optime
1595 1477 1679 1491 —-
1715 1445 2038 1506 vestitus.“
2081 1444 2157 1528 (6
2209 1444 2274 1505 5.
2300 1441 2441 1526 84.)
2484 1452 2671 1526 atque
2730 1440 3005 1523 ejusdem
3061 1442 3469 1524 interrogatio
3531 1444 3611 1506 de
3674 1445 3963 1522 Celsine,
4024 1448 4255 1510 femina

783 1549 1236 1636 potentissima:
1297 1546 1450 1628 Quis
1490 1553 1586 1606 est
1623 1546 1808 1606 iste.“
1871 1544 1962 1630 (6.
2003 1545 2066 1608 5.
2109 1543 2248 1626 85.)
2305 1543 2392 1606 Et
2434 1545 2668 1626 optima
2710 1552 2846 1606 erat
2891 1544 3152 1606 Domitii
3192 1545 3337 1606 Afri
3380 1545 3695 1608 simulatio
3736 1547 4029 1610 adversus
4070 1549 4254 1619 simu·

785 1655 1040 1716 lantem.
1123 1649 1282 1711 Nam
1321 1668 1513 1730 quum
1554 1647 1688 1728 ipse
1729 1654 1906 1708 vetus
1948 1644 2207 1708 baberet
2252 1653 2707 1720 testamentum,
2748 1653 2969 1708 octavo
3013 1654 3077 1708 et
3118 1645 3357 1708 decimo
3400 1669 3567 1710 anno
3604 1657 3748 1712 ante
3770 1659 4032 1712 mortem
4061 1650 4259 1734 ipsius

785 1760 1207 1838 nuncupatum
1314 1749 1510 1836 (Plin.
1569 1747 1770 1832 Epist.
1815 1748 1880 1810 8.
1928 1747 2031 1812 18.
2086 1745 2180 1830 ὅ.)
2248 1755 2315 1810 et
2381 1767 2539 1808 unus
2601 1767 2681 1809 ex
2738 1745 2948 1808 amicis
3005 1748 3487 1824 recentioribus,
3556 1770 3812 1832 sperans
3872 1751 4116 1836 aliquid
4174 1773 4255 1815 ex

789 1857 1128 1920 mutatione
1173 1852 1552 1924 tabularum,
1589 1849 1812 1912 falsam
1851 1848 2126 1919 fabulam
2165 1847 2501 1923 intulisset,
2542 1848 2869 1912 consulens
2903 1869 3045 1911 eum
3069 1869 3148 1910 an
3172 1850 3306 1912 seni
3326 1850 3727 1934 primipilari,
3754 1874 4015 1937 quorum
4053 1855 4261 1918 scilict

787 1959 1173 2022 hereditates
1217 1955 1430 2037 expeti
1470 1952 1758 2016 solebant
1796 1971 2169 2034 magnopere
2185 1995 2208 2024 ,
2254 1949 2387 2032 jam
2425 1959 2655 2014 testato
2702 1971 2914 2013 rursus
2970 1951 3263 2015 suaderet
3305 1951 3598 2016 ordinare
3655 1976 3940 2038 suprema
3980 1953 4224 2038 judicia
4242 1980 4261 2017 ε

786 2061 960 2135 Noli,
999 2057 1241 2140 inquit,
1291 2056 1530 2116 sacerez
1572 2053 1834 2116 offendis
1874 2054 2062 2115 illum.
2104 2053 2195 2138 (6.
2237 2053 2300 2114 5.
2341 2050 2478 2137 82.)
2519 2052 2619 2116 Cf.
2664 2049 2926 2135 Quintil.
2967 2053 3015 2116 6
3054 2054 3117 2116 5.
3161 2054 3275 2116 81.
3334 2054 3519 2130 Afer,
3556 2077 3747 2140 quum
3774 2066 4000 2142 ageret
4042 2068 4261 2122 contra

786 2161 1084 2226 libertum
1123 2156 1380 2218 Claudii
1419 2156 1707 2219 Caesaris
1763 2161 1829 2217 ct
1869 2176 1950 2216 ex
2002 2154 2250 2218 diverso
2299 2154 2557 2238 quidam
2605 2154 3045 2218 exclamasset=
3110 2155 3414 2218 Praetera
3464 2165 3537 2221 tu
3586 2179 3828 2244 semper
3880 2161 3951 2224 in
3996 2149 4263 2225 libertos

765 2255 1081 2327 'Cnemis
1119 2259 1309 2320 dicis:
1347 2259 1478 2322 Nec
1520 2256 1897 2330 mehercule,
1936 2256 2178 2339 inquit,
2220 2256 2563 2340 quidquam
2601 2257 2881 2340 proficio.
2921 2256 3000 2320 cf.
3041 2256 3105 2320 6.
3145 2258 3210 2319 5.
3250 2257 3360 2320 52.
3400 2292 3481 2309 --
3523 2259 3755 2324 Lenius
3796 2271 3885 2338 et,
3918 2270 3990 2326 ut
4021 2261 4264 2345 Quinti·

789 2365 996 2429 lienus
1040 2361 1215 2436 dicit,
1255 2359 1406 2422 honi
1445 2357 1764 2433 stomachi,
1809 2365 1878 2420 ut
1920 2359 2170 2420 omnino
2213 2359 2336 2421 lem·
2370 2359 2721 2421 facitiarum
2750 2380 2985 2452 ‚genere
3013 2359 3363 2422 excellebat
3381 2360 3693 2424 Domitius
3734 2363 3919 2448 (lust.
3944 2365 4007 2428 6.
4032 2364 4097 2428 4.
4120 2363 4261 2448 2⁷.)

791 2467 958 2530 illud
1010 2473 1137 2538 est,
1186 2462 1357 2547 quod
1411 2461 1579 2523 idem
1629 2462 1699 2522 in
1747 2469 1929 2544 grato
1979 2458 2284 2542 litigatori
2338 2469 2735 2544 conspectum
2782 2459 2912 2544 ejus
2965 2460 3038 2524 in
3080 2448 3218 2522 soro
3272 2461 3531 2538 vitanti,
3578 2485 3698 2548 per
3738 2465 4265 2530 nomenclatorem

765 2550 1043 2633 ‘mnsam
1083 2565 1166 2627 ad
1200 2586 1360 2639 eum,
1398 2565 1597 2626 Amas
1637 2584 1765 2661 me,
1801 2563 2007 2645 inquit
2023 2605 2044 2636 ,
2083 2563 2246 2645 quod
2289 2571 2353 2626 te
2391 2585 2509 2626 non
2532 2565 2681 2640 ‚vidi
2701 2561 2732 2623 ?
2762 2599 2847 2612 -
2882 2563 3079 2626 Extat
3120 2563 3309 2626 etiam
3347 2567 3659 2630 sententia
3698 2567 3829 2650 ejus
3866 2567 4223 2652 gravissima
4240 2590 4261 2628 ε

791 2671 1154 2752 „Pu-inceps,
1195 2669 1304 2748 qui
1339 2667 1475 2728 vult
1509 2666 1711 2727 omnia
1748 2666 1929 2737 seire,
1967 2683 2202 2727 necesse
2240 2663 2425 2727 habet
2462 2666 2655 2727 malta
2695 2667 3065 2750 &noscet-ef
3116 2665 3207 2750 (8.
3248 2667 3313 2729 ὅ.
3350 2664 3445 2748 5.)
3487 2666 3587 2728 Cf.
3629 2669 3815 2732 etiam
3851 2669 4021 2732 Plin.
4060 2691 4161 2753 ep.
4196 2668 4265 2731 9.

798 2773 901 2839 n.
983 2773 1189 2855 Quum
1242 2767 1483 2831 diceret
1535 2763 1846 2827 Domitius
1901 2763 2070 2848 apud
2121 2767 2574 2843 centumviros,
2648 2766 2848 2832 audiit
2902 2787 2982 2831 ex
3032 2768 3316 2853 proximo
3374 2769 3769 2849 immodicum
3818 2771 4267 2855 insolitumque

761 2876 768 2883 “
799 2878 1162 2941 clamorem:
1205 2870 1543 2932 admiratus
1569 2868 1848 2931 reticuit=
1903 2868 2014 2930 ubi
2055 2866 2369 2931 silentium
2406 2870 2638 2934 factum
2668 2878 2787 2947 est,
2827 2871 3083 2955 repetiit
3123 2867 3294 2956 quod
3333 2870 3693 2957 abruperat=
3732 2874 3956 2937 iterum
3999 2874 4267 2937 clamart

765 2972 1022 3043 'iterum
1049 2973 1329 3037 reticuit:
1371 2980 1436 3036 et
1473 2980 1618 3056 post
1651 2970 1968 3034 silentium
2009 2970 2218 3055 eoepit
2236 2970 2404 3033 idem
2428 2974 2637 3036 tertio.
2693 2972 3057 3050 Novissime,
3084 2976 3222 3057 quis
3248 2974 3507 3050 diceret,
3532 2976 3859 3059 qu‘aesivitz
3902 2994 4269 3059 responsum

797 3089 893 3145 est
933 3077 1211 3142 Licinius
1251 3072 1390 3161 (qui
1441 3074 1678 3158 primus
1731 3092 1964 3137 morem
2011 3072 2348 3137 induxerat
2404 3074 2721 3139 auditores
2769 3095 2886 3158 per
2934 3077 3281 3160 mancipem
3334 3076 3725 3140 conducendi
3782 3086 3847 3141 et
3892 3076 4267 3151 redimendi,

750 3226 756 3233 -
795 3184 1076 3263 Σοφοκλεῖσ
1121 3179 1277 3242 'illos
1331 3200 1380 3240 s.
1437 3174 1829 3261 laudicenos)
1891 3175 2058 3240 Tum
2091 3177 2441 3241 intermissa
2482 3198 2703 3253 eausa,
2758 3160 3205 3277 Centumffm'ti,
3251 3178 3489 3262 inquit,
3544 3180 3657 3243 hoe
3694 3181 4020 3264 miliciam
4054 3180 4263 3264 periit.

793 3284 993 3352 Juvat
1034 3282 1302 3362 denique
1323 3269 1606 3345 ‘Domitii
1643 3278 1790 3339 Afri
1830 3276 2126 3342 virtutem
2177 3280 2489 3363 quandam
2533 3280 2995 3365 compositionis
3046 3301 3553 3356 commemorare,
3610 3304 3796 3367 quam
3851 3304 4097 3356 eorum,
4152 3300 4264 3361 qus

761 3384 1010 3453 ‘nostra
1049 3390 1254 3446 aetate
1291 3378 1489 3443 latine
1527 3376 1829 3453 scribunt,
1865 3379 1988 3441 viri
2023 3381 2343 3464 principes
2380 3382 2610 3446 imitati
2648 3390 2792 3447 sunt
2832 3382 3204 3445 felicissime.
3289 3382 3551 3449 Solebat
3590 3386 3757 3449 enim
3792 3386 3951 3449 Aser
3973 3380 4263 3461 trajicere

793 3490 863 3553 iu
905 3486 1212 3551 clausulas
1254 3482 1447 3547 verba
1497 3467 1737 3545 tantum
1793 3484 2176 3573 asperandae
2234 3485 2694 3567 compositionis
2752 3486 2954 3567 gratia
3016 3492 3081 3547 et
3137 3485 3403 3548 maxime
3460 3484 3529 3549 in
3586 3488 3957 3572 prooemiis,
4016 3490 4088 3544 ut
4141 3500 4261 3566 pro

761 3584 1143 3658 'Domitium
1211 3585 1464 3649 Gratias
1517 3605 1694 3668 agam
1743 3586 2041 3648 continuo.
2107 3584 2198 3648 Et
2243 3606 2364 3670 pro
2415 3586 2665 3660 Laelia,
2724 3586 2836 3648 Eis
2888 3585 3168 3671 utrisque
3230 3588 3399 3671 apud
3450 3597 3513 3653 te
3557 3588 3831 3673 judicem
3868 3583 4265 3669 periclitatur

792 3692 1031 3759 Laelia.
1094 3688 1276 3751 Adeo
1319 3672 1619 3779 aufigit
1657 3696 1935 3783 teneram
1979 3686 2433 3772 delicatamque
2458 3688 2824 3753 modulandi
2846 3686 3232 3772 voluptatem
3260 3696 3331 3753 ut
3356 3692 3745 3755 currentibus
3766 3710 3882 3773 per
3902 3708 3968 3751 se
3988 3684 4267 3749 numeris

761 3792 965 3881 'quod
1006 3811 1112 3855 eos
1151 3788 1463 3853 inhiberet
1510 3787 1824 3872 objiceret.
1895 3790 2048 3855 lust.
2095 3790 2196 3855 10.
2233 3790 2298 3855 4.
2340 3793 2447 3855 51.

960 3890 1381 3978 Quintilianus
1424 3900 1650 3966 autem,
1688 3893 1808 3956 etsi
1851 3892 2194 3956 Domitium
2237 3894 2466 3958 Afrum
2516 3914 2657 3957 eum
2710 3892 2833 3957 sibi
2893 3904 3205 3958 oratorem
3263 3894 3572 3979 elegerat,
3634 3910 3819 3974 quem
3877 3890 4265 3975 potissimum

795 4002 1192 4083 sequeretur,
1232 4011 1417 4078 quem
1452 3992 1836 4070 imitaretur,
1874 4002 2084 4058 tamen
2123 4003 2189 4059 et
2231 4003 2472 4058 ceteros
2514 3990 2804 4079 ejusdem·
2830 3996 3055 4078 aetatis
3094 4006 3375 4061 oratores
3429 4004 3494 4058 et
3534 4000 3832 4077 patronos
3872 4001 3936 4057 et
3971 3994 4039 4057 in
4065 3992 4267 4057 causis

798 4111 861 4164 et
901 4102 968 4162 in
1002 4097 1253 4181 judiciis
1291 4096 1651 4179 cognovisse
1691 4096 1974 4174 videtur,
2036 4094 2321 4181 inprimis
2358 4096 2603 4159 «lulium
2642 4098 3042 4175 Africanum,
3104 4098 3570 4162 concitatiorem
3610 4096 3861 4179 quidem
3901 4093 4082 4160 illum
4124 4094 4265 4178 ipso

793 4202 1072 4268 Domitio
1111 4199 1225 4263 sed
1265 4200 1334 4262 in
1371 4219 1520 4263 eura
1557 4196 1890 4261 verhorum
1928 4198 2184 4262 nimium
2223 4208 2288 4263 et
2328 4201 2772 4294 compositione
2814 4220 3255 4284 nonnunquam
3292 4198 3639 4280 longiorem
3658 4206 3721 4262 et
3747 4196 4261 4263 translationibus

755 4325 760 4333 '
795 4326 1018 4391 parum
1051 4302 1379 4365 modicum.
1463 4302 1646 4387 (lust.
1685 4300 1789 4365 10.
1815 4300 1884 4365 ’1.
1929 4298 2110 4387 118.)
2186 4300 2500 4366 Laudavit
2540 4306 2705 4367 vires
2744 4302 2959 4383 ipsius
3000 4301 3213 4383 Quint.
3244 4298 3360 4363 12.
3406 4300 3509 4363 10.
3554 4300 3658 4364 11.
3738 4302 3955 4383 Neque
4000 4320 4155 4363 vero
4190 4298 4259 4360 in

793 4425 1116 4471 numerum
1159 4425 1372 4466 eorum
1383 4448 1408 4480 ,
1443 4425 1604 4487 quae
1643 4403 1764 4466 sibi
1813 4402 2102 4487 exempla
2139 4412 2552 4489 proposuerat
2596 4401 2842 4485 juvenis
2855 4446 2878 4477 ,
2938 4424 3077 4465 cum
3116 4403 3473 4467 Hammelio
3514 4402 3560 4465 l.
3601 4404 3645 4465 1.
3683 4424 3745 4484 p.
3788 4401 3893 4463 15.
3936 4398 4255 4466 rettuleris

799 4510 1094 4592 Crispum
1133 4504 1390 4568 Vibium
1403 4550 1425 4583 ,
1464 4508 1540 4569 Π
1599 4504 1932 4569 Galeolum
1969 4504 2378 4583 Pracbslum,
2416 4504 2661 4567 salium
2704 4501 3078 4569 Secundum.
3140 4506 3297 4569 Nam
3324 4496 3717 4587 hos'quidem
3749 4508 3897 4586 post
3921 4490 4260 4567 Domitium

797 4610 1024 4675 Afrum
1063 4615 1129 4673 et
1165 4608 1412 4671 «lulium
1442 4604 1833 4684 Africanum,
1871 4626 2085 4671 eorum
2126 4628 2282 4693 quos
2317 4606 2548 4673 viderit
2568 4604 2763 4691 ‘longe
2803 4628 2920 4692 pra
2958 4608 3384 4681 stantissimos,
3422 4604 3513 4667 ita
3550 4614 3887 4683 memorat,
3950 4612 4020 4666 ut
4058 4600 4259 4662 dicata

801 4710 1046 4789 „Erant
1085 4710 1258 4772 clara
1299 4718 1360 4774 et
1403 4732 1597 4796 nuper
1635 4710 1927 4795 ingeni&
1985 4710 2154 4773 unde
2195 4718 2489 4797 apparet,
2554 4710 2841 4787 Vibium,
2901 4630 3273 4811 fracbalum
3326 4704 3681 4797 Secundum
3724 4704 4111 4791 Quintiliano
4150 4710 4264 4767 aut

761 4811 1095 4927 ...qaum
1137 4818 1245 4877 ⁸¹²²
1279 4832 1575 4903 “ream
1605 4814 1804 4899 ἕψε.
1823 4834 1942 4885 nee
1964 4834 2115 4913 ven?
2124 4834 2282 4899 *οβ’
2318 4812 2919 4915 maminoti&
2942 4807 3343 4907 mejam}-
3364 4808 3687 4905 soleta„
3713 4806 4015 4883 smum
4057 4812 4263 4895 ,utem
