4613 5656
1951 151 1957 159 .

2111 221 2126 230 ι

312 396 626 486 publicam
643 441 664 474 ,
728 395 1026 462 salarium
1065 411 1186 458 non
1225 401 1474 460 mcum.
1555 392 1752 477 Quasi
1791 415 1944 460 varo
1982 395 2288 460 incertum
2326 401 2489 458 esset
2530 391 2855 469 salarium,
2896 391 2953 456 si
2992 393 3131 480 quis
3171 403 3438 460 centena
3479 399 3801 480 acceperit

314 501 558 566 annua!
599 501 826 584 Itaque
867 508 934 564 et
971 495 1248 562 scholam
1287 505 1356 560 et
1395 495 1688 559 salarium
1733 493 1866 580 jam
1903 497 2148 580 pridem
2189 498 2591 581 deprecatum
2632 516 2781 560 esse.
2864 495 3052 559 Anno
3092 516 3243 560 vero
3284 499 3380 562 89
3394 543 3415 574 ,
3459 507 3794 583 postquam

317 603 726 670 clarissimum
767 621 924 686 opus
961 599 1370 664 institutionis
1407 598 1720 662 oratoriae
1775 599 2106 675 edidisset,
2165 600 2337 685 (nam
2398 597 2630 660 librum
2668 596 2850 659 illum
2900 598 3201 682 scriptum
3244 619 3378 663 esse
3416 601 3566 665 inde
3610 601 3689 662 ab
3735 622 3791 662 a.

319 705 414 770 88
453 725 646 788 usque
711 703 792 766 ad
835 725 889 764 a.
925 700 1067 786 89.)
1126 723 1163 764 a
1223 699 1504 785 principe
1537 700 1854 785 publicam
1911 700 2186 765 scholam
2241 701 2659 783 salariumque
2703 707 2940 762 certum
2982 701 3323 784 accepisse,
3386 703 3573 764 immo
3642 723 3795 766 vero

319 795 646 891 utrumqne
688 827 725 868 a
751 803 1106 867 Domitiano
1144 804 1388 866 fautore
1428 804 1714 887 petiisse,
1753 812 1846 880 nt,
1887 823 2290 886 quaeeunque
2330 804 2397 865 in
2435 800 2614 864 libris
2655 802 2783 864 suis
2821 803 3261 886 praecepisset,
3310 826 3389 866 ex
3418 801 3797 866 obscuritate

318 909 687 972 scriniorum
731 907 800 969 in
842 908 1033 970 vitam
1074 907 1252 990 qnasi
1292 907 1550 970 duceret
1593 915 1657 968 et
1698 907 1781 968 ad
1824 907 2078 969 verbum
2107 927 2256 969 vera
2295 904 2589 968 redderet
2604 902 2678 989 (l)
2718 904 2877 968 Nam
2914 905 3221 987 privatam
3243 904 3494 987 quidem
3528 904 3805 966 scholam

322 1011 672 1074 abdicatam
728 1007 858 1090 jam
899 1008 1202 1072 babuisse.
1242 1029 1302 1070 a.
1343 1008 1448 1072 79.
1553 1007 1778 1090 ltaque
1839 1029 2054 1071 vocem
2116 1008 2348 1071 clar-uit
2412 1006 2759 1090 siguificare
2819 1015 2952 1070 tum
3018 1006 3439 1070 institutiones
3504 1007 3809 1069 oratorias

324 1113 527 1177 editus
571 1121 704 1172 tum
745 1109 1018 1172 scholam
1061 1117 1380 1194 acceptam
1410 1109 1744 1194 publicam.

489 1213 720 1287 Vides,
757 1212 1176 1275 flummelium
1200 1211 1597 1294 simpliciore,
1638 1232 1846 1296 quam,
1869 1209 2103 1294 rejecta
2133 1209 2598 1284 Bodwelliana,
2642 1209 2955 1294 ingressus
2980 1209 3063 1275 sit
3101 1211 3369 1286 ratione,
3405 1217 3471 1274 et
3499 1213 3809 1297 simplicia

321 1316 635 1380 invenisse
673 1321 860 1399 atque
902 1336 976 1376 ea
1016 1315 1267 1397 quidem
1291 1315 1520 1376 nostris
1547 1314 1932 1398 potissimum
1957 1313 2302 1376 rationibus
2331 1313 2481 1376 satis
2504 1311 2721 1396 lepide
2749 1313 3230 1388 accommodata,
3273 1312 3533 1396 quibus,
3576 1314 3633 1378 si
3672 1319 3813 1400 quis

323 1417 432 1482 vel
469 1417 840 1480 mediocrem
879 1415 1167 1480 libellum
1205 1416 1704 1500 conscripsisset,
1743 1417 1857 1499 qui
1899 1424 2110 1479 tamen
2151 1416 2341 1479 certis
2392 1413 2758 1498 quibusdam
2802 1415 3067 1492 serviret
3126 1415 3542 1498 opinionibus,
3586 1419 3819 1501 dignus

327 1521 542 1586 stetim
573 1519 984 1602 judicaretur,
1023 1519 1132 1611 qui
1171 1518 1527 1581 cathedram
1555 1517 1826 1601 aliquam
1855 1515 2168 1581 obtineret
2199 1517 2533 1600 publicam.
2620 1515 2835 1600 Longe
2883 1517 3068 1580 aliter
3112 1525 3388 1594 veteres,
3430 1519 3541 1602 qui
3578 1541 3707 1584 non
3744 1523 3815 1586 in

325 1643 572 1690 secessu
611 1623 958 1685 studiorum
999 1642 1162 1684 vana
1199 1621 1505 1706 quaedam
1546 1641 1620 1684 ac
1645 1619 1864 1703 jejuna
1891 1618 2322 1703 excogitarent
2348 1628 2707 1702 praecepta,
2752 1619 2978 1704 quibus
3002 1619 3461 1683 institutionem
3497 1621 3815 1705 publicam

324 1727 800 1791 moderarentur
865 1745 938 1788 sc
1001 1722 1326 1788 traderent
1366 1723 1814 1806 eloquentiam,
1879 1723 1994 1788 sed
2047 1722 2239 1806 longa
2303 1730 2373 1784 et
2434 1721 2769 1806 multiplici
2822 1723 3209 1807 experientia
3247 1731 3432 1806 atque
3484 1743 3599 1785 usu
3638 1725 3809 1790 vitae

330 1828 542 1894 edocti
573 1837 638 1891 et
680 1828 878 1911 ipsam
917 1834 1116 1888 artem
1155 1825 1560 1903 condiderint
1591 1826 2030 1910 amplissimam
2069 1846 2145 1887 ac
2185 1824 2593 1888 salutiferam.

495 1929 952 2012 Quintilianum
993 1949 1144 1992 vero
1181 1927 1498 2013 publicam
1538 1927 1816 1992 scholam
1864 1925 1996 2010 jum
2055 1948 2110 1988 a.
2155 1927 2264 1990 89.
2309 1928 2621 2011 aperuisse
2666 1937 2735 1992 et
2796 1935 3035 1992 certum
3075 1925 3370 1990 salarium
3400 1926 3708 2012 accepisse
3754 1947 3811 1992 a.

331 2033 444 2110 ⁷4,
473 2032 604 2116 jam
627 2053 815 2116 supra
841 2031 1426 2094 demonstravimus:
1459 2029 1592 2114 jam
1616 2038 1900 2115 superest
1924 2037 1996 2092 ut
2019 2029 2383 2106 doceamus,
2414 2019 2561 2093 fieri
2591 2051 2719 2094 non
2741 2032 3043 2115 potuisse,
3082 2039 3155 2094 ut
3177 2029 3327 2094 libri
3351 2030 3814 2094 institutionum

332 2136 741 2202 oratoriarum
782 2132 861 2194 ab
902 2155 958 2195 a.
997 2133 1104 2196 88.
1149 2132 1232 2194 ad
1268 2154 1321 2194 a.
1363 2133 1472 2198 89.
1513 2137 1623 2196 aut
1662 2133 2102 2208 scriberentur,
2145 2141 2253 2196 aut
2291 2133 2660 2208 ederentur,
2700 2135 2815 2198 sed
2844 2155 3008 2197 anno
3048 2133 3295 2196 demum
3332 2135 3426 2198 925
3440 2133 3529 2172 ¹²²⁰
3567 2154 3635 2217 p.
3662 2132 3813 2196 chr.

327 2237 682 2324 publicatos
727 2257 877 2300 esse.
959 2236 1174 2320 Atque
1212 2235 1604 2300 flummelius
1642 2236 1894 2320 quidem
1935 2237 2306 2298 sententiam
2348 2257 2521 2299 suam
2535 2281 2558 2312 ,
2600 2236 2975 2319 Quintiliani
3012 2235 3233 2312 libros,
3276 2245 3347 2300 ut
3404 2245 3551 2322 post
3591 2253 3821 2299 annum

237 2417 242 2424 ο
327 2341 440 2418 86,
481 2341 573 2403 sic
617 2345 760 2402 ante
801 2340 989 2402 finem
1048 2339 1194 2402 anni
1245 2339 1343 2402 89
1381 2339 1648 2421 scriptos
1690 2359 1856 2413 esse,
1926 2339 2126 2402 tribus
2180 2339 2566 2422 potissimum
2626 2339 3002 2423 argumentis
3064 2339 3467 2423 comprabare
3535 2348 3815 2403 conatur.

225 2428 233 2436 ’
330 2443 491 2508 Nm
528 2440 793 2526 primum
837 2464 889 2503 a.
929 2439 1038 2506 89.
1084 2449 1245 2504 teste
1285 2439 1672 2525 Hieronymo
1751 2439 2159 2526 philosophos
2203 2463 2284 2503 ex
2324 2440 2479 2506 urbe
2516 2463 2635 2527 per
2672 2442 3094 2505 Domitianum
3129 2442 3347 2525 pulsos
3392 2463 3545 2506 esse.
3628 2442 3817 2506 Cete-

330 2566 470 2610 rum
509 2546 578 2606 in
616 2544 892 2607 editione
917 2542 1286 2628 Hieronymi
1307 2542 1740 2608 Roncalliana.
1799 2542 2046 2606 Patavii
2089 2543 2266 2607 1787
2303 2545 2578 2628 priorem
2600 2543 3113 2628 pbilosophorum
3154 2551 3219 2608 et
3238 2543 3815 2620 matbematicorum

335 2667 418 2710 ex
457 2646 737 2710 Romana
780 2645 935 2708 urbe
974 2644 1324 2729 pulsionem
1366 2645 1449 2707 ad
1486 2667 1541 2708 a.
1581 2646 1694 2722 91,
1732 2646 2142 2730 posteriorem
2183 2647 2266 2708 ad
2320 2667 2375 2710 a.
2426 2647 2538 2710 97.
2597 2654 2959 2709 annotatum
3018 2643 3285 2710 invenio.
3374 2646 3577 2729 Igitur
3625 2645 3819 2728 Quin·

335 2748 644 2824 tiliacum,
685 2749 795 2832 qui
833 2748 1258 2812 Domitianum
1295 2746 1696 2812 vehementer
1737 2747 2026 2811 adulatus
2065 2748 2170 2824 sit,
2212 2749 2321 2835 qni
2360 2747 2748 2834 philosophis
2802 2757 3109 2833 perpetuo
3164 2748 3613 2813 obtrectaverit
3674 2767 3813 2810 cum

335 2858 602 2935 propter
641 2850 1093 2935 neglectionem
1135 2846 1554 2934 reipublicae,
1593 2859 1726 2914 tum
1767 2852 1918 2935 quia
1953 2873 2082 2915 non
2120 2852 2427 2935 sapientia
2469 2873 2541 2914 ac
2578 2852 2811 2915 virtute
2852 2850 3237 2915 excellerent
3254 2897 3275 2928 ‚
3316 2852 3429 2916 sed
3470 2850 3711 2914 vultum
3752 2859 3828 2914 et

343 2951 660 3015 tristitiam
685 2961 750 3014 et
789 2953 1255 3017 dissentientem
1282 2973 1319 3015 a
1359 2954 1648 3017 ceteteris
1689 2953 1966 3015 habitum
2007 2954 2289 3038 pessimis
2323 2952 2597 3016 moribus
2634 2953 3152 3038 praetenderent3
3192 2956 3248 3016 si
3285 2962 3433 3038 post
3453 2974 3681 3016 annum
3699 2953 3810 3018 89.

346 3054 729 3136 scripsisset,
767 3054 940 3118 illam
975 3052 1494 3140 pbilosophorum
1536 3056 1962 3139 expulsionem
1993 3056 2212 3140 utique
2251 3063 2868 3119 commemoraturum
2904 3056 3129 3129 fuisse3
3170 3076 3360 3138 quum
3384 3077 3513 3118 non
3558 3075 3819 3120 comme·

345 3157 717 3232 moraverit,
782 3167 924 3221 ante
965 3180 1191 3221 annum
1232 3158 1343 3223 89.
1381 3158 1716 3241 scripsisse.
1796 3157 2310 3233 Animadvertas,
2372 3178 2556 3241 quam
2614 3165 2847 3221 temere
2880 3154 3035 3219 baec
3075 3158 3201 3219 sint
3241 3156 3575 3240 disputata.
3658 3157 3821 3220 Nam

343 3258 616 3343 primum
657 3259 909 3341 quidem
942 3261 1364 3341 Quintilianus
1420 3260 1842 3323 Domitianum
1899 3280 2034 3323 non
2095 3259 2264 3322 ultra
2303 3280 2539 3323 morem
2596 3258 2969 3343 modumque
3026 3260 3201 3321 illius
3240 3259 3436 3322 seculi
3498 3259 3823 3344 proprium

350 3361 643 3425 adulatus
685 3368 814 3437 est,
880 3361 1107 3424 deinde
1144 3360 1682 3447 philosophastros
1743 3362 1998 3437 oderat,
2063 3381 2190 3425 non
2251 3360 2747 3446 philosophiam,
2812 3362 3184 3447 minimeque
3253 3363 3550 3438 decebat,
3614 3361 3819 3433 virum

347 3462 717 3548 generosum
755 3470 944 3547 atque
981 3464 1317 3548 ingenuum
1353 3464 1580 3528 laetari
1620 3474 1730 3529 aut
1765 3464 2025 3531 verbum
2065 3472 2308 3529 tantum
2338 3466 2743 3547 pronuntiare
2788 3465 2869 3527 de
2905 3465 3185 3528 violenta
3208 3463 3513 3547 ejectione
3538 3464 3817 3537 virorum

348 3553 708 3641 doctorum,
774 3566 1052 3650 quamvis
1115 3566 1374 3631 maculis
1438 3566 1808 3651 quibusdam
1874 3575 2246 3634 notatorum.
2349 3567 2522 3650 Quid
2580 3567 2973 3631 flummelius
3036 3567 3337 3649 cogitavit
3399 3563 3481 3629 de
3544 3564 3825 3629 moribus

345 3668 744 3751 Quintiliani,
783 3689 942 3751 quos
977 3667 1276 3731 candidos
1312 3669 1594 3753 alioquin
1634 3677 1699 3734 et
1735 3670 2101 3735 innocentes
2139 3669 2329 3733 fuisse
2367 3670 2501 3752 ipse
2546 3668 2920 3732 confitetur?
2964 3668 3161 3731 Immo
3200 3688 3349 3733 vero
3390 3668 3677 3751 egregiae
3722 3673 3822 3731 est

345 3770 685 3839 modestice
730 3779 796 3835 et
836 3760 1289 3846 continenti-e,
1326 3770 1406 3835 de
1451 3772 1676 3834 misera
1712 3768 1833 3833 ina
1869 3770 2383 3856 pbilosophorum
2420 3771 2781 3853 expulsione
2822 3770 3018 3831 altum
3059 3770 3418 3833 observasse
3442 3768 3781 3835 silentium.

511 3872 800 3937 Alterum
861 3880 958 3937 est
1019 3879 1476 3956 argumentum,
1503 3912 1515 3917 -
1543 3872 1716 3959 quod
1769 3872 1840 3935 in
1891 3872 2212 3957 prooemio
2271 3870 2426 3934 libri
2476 3872 2575 3935 IV
2590 3874 2642 3935 ti
2682 3872 3105 3955 Quintilianus
3144 3872 3501 3957 scripserit:
3566 3872 3821 3950 „Quum

348 3988 504 4038 vero
555 3972 708 4036 mihi
761 3976 1155 4039 Domitianus
1213 3976 1534 4058 Augustus
1589 3978 1820 4041 sororis
1879 3995 2028 4038 suae
2085 3982 2371 4059 nepotum
2431 3973 2814 4058 delegaverit
2850 3995 3095 4050 curam,
3160 3994 3292 4038 non
3330 3975 3480 4038 satis
3518 3972 3821 4033 bonorem

337 4066 718 4154 judiciorum
775 4074 1136 4143 coelestium
1189 4074 1540 4161 intelligam
1554 4120 1577 4152 ,
1639 4077 1762 4140 nisi
1814 4098 1896 4141 ex
1943 4074 2064 4139 boc
2116 4077 2331 4166 oneris
2364 4098 2611 4160 quoque
2652 4076 3135 4159 magnitudinem
3176 4078 3460 4161 metiar&
3542 4074 3821 4157 Nepotes

345 4170 452 4236 illi
489 4170 720 4238 sororis
760 4187 936 4242 erant
972 4180 1092 4243 filii
1129 4176 1336 4243 Flavii
1375 4178 1720 4243 Clementis
1761 4186 1828 4243 et
1857 4165 2260 4252 Domitillae,
2326 4200 2487 4261 quae
2547 4178 2687 4262 ipsa
2744 4178 2881 4241 filia
2938 4188 3077 4243 erat
3124 4168 3493 4243 Domitillae
3548 4172 3825 4260 majoris,

345 4276 582 4339 sororis
622 4275 796 4339 illius
835 4277 1178 4344 Domitiani
1213 4304 1294 4345 ex
1313 4282 1530 4367 ignoto
1553 4282 1796 4346 marito.
1858 4280 2014 4367 (Dio
2041 4280 2151 4343 87.
2176 4280 2277 4344 12.
2308 4278 2443 4364 14.)
2508 4282 2697 4345 Hunc
2716 4280 3005 4344 Flavium
3030 4279 3437 4357 Clementem,
3466 4275 3823 4362 patruelem

339 4394 520 4441 suum
561 4379 1075 4447 contentissimae
1109 4382 1408 4461 inertiae,
1446 4384 1620 4471 cujus
1659 4382 1845 4463 filios,
1887 4381 2222 4448 etiamnum
2252 4383 2574 4467 parvulos,
2615 4404 2997 4447 successores
3034 4384 3245 4468 palam
3270 4381 3712 4455 destinaverat,
3754 4384 3825 4445 et

343 4478 586 4545 abolito
625 4482 837 4566 priore
877 4483 1148 4561 nomine,
1188 4481 1456 4551 alterum
1473 4486 1924 4573 Vespasianum
1960 4486 2271 4551 nominari
2299 4484 2607 4567 jusserat,
2649 4485 2916 4551 alterum
2954 4485 3403 4551 Domitianum=
3446 4490 3707 4565 repente
3747 4500 3831 4545 ex

337 4584 703 4651 tenuissima
764 4588 1112 4673 suspicione
1172 4592 1412 4653 tantum
1473 4606 1594 4649 non
1655 4592 1784 4673 ipso
1844 4592 1978 4671 ejus
2026 4590 2345 4654 consulatu
2398 4588 2731 4653 interemit.
2830 4588 2940 4651 Sic
3006 4588 3261 4651 Sueton.
3321 4586 3661 4650 Domition.
3713 4584 3821 4649 15.

343 4676 550 4771 igitur
588 4684 878 4765 Flavius,
944 4710 1136 4775 quum
1195 4686 1416 4755 consul
1455 4688 1676 4754 fuisset
1715 4711 1770 4753 a.
1813 4690 1945 4766 9δ.,
1985 4692 2194 4755 statim
2247 4690 2431 4755 initio
2474 4691 2624 4753 anni
2661 4690 2771 4755 98.
2818 4688 3163 4753 consularis
3204 4688 3441 4753 occisus
3500 4696 3629 4765 est,
3695 4672 3823 4772 quo

347 4790 614 4859 maxime
647 4790 848 4875 tacto,
905 4799 982 4861 ut
1014 4792 1184 4868 idm
1219 4792 1564 4867 Suetonius
1602 4793 1722 4877 ait,
1784 4792 2180 4864 Domitianus
2217 4793 2341 4859 sibi
2380 4794 2637 4861 exitium
2674 4792 3029 4857 maturavit.
3108 4789 3159 4856 J
3159 4812 3259 4859 am
3310 4790 3467 4956 filii4
3483 4788 3829 4873 Clementis
