4613 5656
1836 232 1935 285 ,ιι-
2044 218 2105 286 1
2122 216 2173 285 1
2298 218 2390 283 „3

366 404 645 475 clarui&
666 402 719 489 ¹)
760 400 1085 485 eidemque
1122 394 1567 471 consideranti,
1606 393 2063 475 Quintiliana
2091 394 2225 481 jam
2261 403 2416 459 tune
2455 394 2624 461 inter
2655 394 2982 481 magistros
3009 396 3404 485 eloquentiae
3441 400 3842 487 praecipuum

372 508 643 573 tenuium
685 504 891 568 locum
932 522 1049 565 nee
1086 499 1273 563 facile
1310 498 1445 561 sine
1486 518 1595 581 spe
1628 496 1883 561 honoris
1926 520 2001 561 ac
2039 500 2456 583 praemiorum
2497 520 2538 561 a
2580 497 2788 562 Galba
2825 500 3088 565 Romam
3129 501 3464 567 deductum
3505 524 3666 567 esse,
3707 505 3844 587 59„

372 608 603 676 Fabius
640 606 875 692 primus
916 603 1167 666 videtur
1208 600 1430 676 fuisse,
1470 601 1537 662 in
1580 620 1763 684 quem
1800 598 2173 665 beneficium
2201 601 2368 663 illud
2394 609 2794 665 centenorum
2819 604 3228 679 conferretur,
3261 607 3500 687 primus
3531 604 3844 688 professor

372 710 739 792 eloquentiae
772 706 1011 789 publice
1052 704 1451 775 constitutus,
1514 700 1585 763 id
1638 700 1809 785 quod
1857 703 1995 785 ipae
2056 704 2482 786 Hieronymus
2537 704 2772 767 diserte
2833 702 3238 785 significavit,
3301 726 3490 790 quum
3559 707 3848 770 diceret.

370 811 801 891 Quintilianus
836 810 1070 890 primus
1108 790 1343 869 Roman
1385 802 1701 887 publicam
1746 802 2020 866 scholam
2062 804 2320 888 accepit.

534 938 693 1001 Nam
732 934 995 1020 primum
1046 932 1316 996 omnium
1340 931 1539 999 ‘facile
1602 932 1944 1006 concedes,
2000 932 2484 1016 Vespasianum,
2551 932 2664 1017 qui
2721 933 2956 997 otiosos
3011 930 3418 1018 philosophos
3474 934 3726 998 Stoicos
3781 942 3848 999 et

370 1038 645 1126 Cynicos
686 1060 766 1101 ex
810 1037 963 1101 urhe
1016 1036 1362 1118 relegaret,
1424 1034 1534 1117 qui
1550 1078 1575 1108 ‚
1631 1034 1905 1095 omnium
1958 1054 2171 1097 rerum
2217 1036 2642 1118 parcissimus,
2704 1056 2810 1099 eos
2854 1043 3094 1098 tantum
3133 1045 3368 1100 sumtus
3405 1036 3672 1111 faceret,
3733 1037 3846 1120 qui

368 1140 775 1226 reipublicae,
816 1158 1145 1221 oppressae
1168 1137 1271 1199 illi
1297 1146 1446 1199 tunc
1471 1156 1613 1198 aere
1641 1132 1931 1218 alieno,²)
1975 1136 2193 1220 utique
2218 1145 2423 1199 essent
2447 1137 2778 1199 necessarii
2791 1162 2810 1199 ι
2851 1136 3207 1200 rhetoribus
3245 1136 3458 1200 latinis
3481 1140 3852 1222 graecisque

364 1265 499 1307 non
537 1242 685 1305 ideo
728 1240 1102 1323 stipendium
1144 1247 1545 1301 centenorum
1586 1256 1924 1321 eorumque
1960 1260 2301 1301 annuorum
2341 1238 2768 1313 constituisse,
2811 1248 2880 1300 ut
2921 1241 3054 1301 sola
3078 1224 3434 1324 praesentia
3476 1260 3591 1301 sua
3629 1240 3846 1303 arhen

370 1343 884 1417 condecorarent,
902 1340 1013 1404 sed
1032 1351 1099 1405 ut
1108 1340 1312 1403 solida
1328 1361 1401 1401 ae
1413 1340 1739 1401 salutifera
1752 1338 2061 1416 doctrina,
2082 1355 2211 1403 non
2234 1342 2518 1423 speciosa
2527 1340 2642 1401 illa
2662 1340 2912 1421 quidem
2933 1352 3116 1423 atque
3141 1342 3316 1403 inani
3338 1342 3464 1403 suis
3487 1341 3856 1425 prodessent

372 1447 613 1511 civibus
653 1467 725 1507 ac
750 1445 993 1507 scholas
1019 1443 1322 1506 haberent
1344 1440 1647 1525 publicas.
1729 1441 1901 1524 Ergo
1926 1464 2081 1525 qnos
2104 1442 2442 1506 Suetonius
2467 1452 2906 1504 commemorat
2931 1444 3142 1505 Latini
3167 1442 3516 1527 Graecique
3540 1442 3848 1518 rhetores,
3917 1508 3922 1513 ,

368 1571 443 1613 uc
486 1549 777 1632 princeps
816 1548 983 1610 inter
1025 1566 1131 1608 eos
1173 1542 1600 1623 Quintilianus
1644 1564 1783 1606 cum
1824 1545 2101 1607 centenis
2141 1545 2363 1606 annuis
2407 1564 2628 1607 munus
2667 1552 3070 1627 susceperunt
3115 1544 3384 1607 docendi
3422 1545 3696 1629 publice.

534 1677 679 1740 Jam
722 1696 871 1739 vero
914 1695 1163 1757 agamus
1207 1674 1285 1736 de
1326 1673 1463 1757 ipso
1505 1672 1649 1735 loco
1712 1674 2115 1759 Hieronymi,
2180 1672 2455 1759 multum·
2485 1673 2600 1734 illo
2655 1673 2908 1757 quidem
2971 1672 3049 1734 ab
3110 1672 3557 1755 interpretibus
3603 1683 3848 1737 vexato.

368 1778 718 1844 Adnotatio
762 1776 1133 1859 Hieronymi
1173 1776 1255 1837 ad
1299 1796 1524 1837 annum
1562 1775 1708 1836 nni.
1748 1776 1863 1839 88.
1902 1776 1969 1837 in
2014 1798 2090 1839 ea
2130 1776 2443 1851 editione,
2485 1796 2646 1857 quae
2687 1795 2836 1837 cura
2873 1773 3152 1837 Thomae
3193 1773 3514 1837 Roncallii
3572 1776 3660 1838 M.
3706 1774 3850 1838 Cas.

366 1882 617 1947 Patavii
661 1881 853 1944 1787.
894 1877 1155 1961 prodiit,
1196 1878 1284 1940 sic
1325 1878 1557 1962 scripta
1593 1886 1721 1940 est=
1787 1877 2297 1957 „Quinctilianns
2358 1899 2438 1939 ex
2498 1876 2804 1959 Hispania
2841 1875 3352 1959 calagurritanus
3369 1921 3389 1951 ‚
3457 1876 3566 1960 qui
3606 1880 3844 1961 primus

368 1984 604 2049 Romae
645 1982 961 2066 publicam
998 1979 1271 2043 scholam
1314 1990 1379 2044 et
1427 1980 1722 2041 salarium
1762 2002 1798 2042 e
1856 1980 2008 2042 fisco
2048 1980 2328 2065 accepit,
2394 1980 2684 2043 claruit.“
2765 1978 2882 2041 Est
2924 1987 3126 2040 autem
3170 1978 3568 2053 adnotatum,
3629 1980 3720 2042 M.
3768 1978 3837 2041 S.

360 2086 795 2153 Ravennatem
852 2083 1113 2146 habere=
1173 2082 1494 2167 publicata
1534 2081 1749 2144 schola
1786 2090 1851 2145 et
1887 2081 2179 2143 salarium
2219 2103 2255 2144 e
2294 2082 2446 2143 fiseo
2489 2081 2730 2164 accepit
2771 2090 2835 2144 et
2877 2080 3142 2157 claruit,
3182 2089 3245 2144 ct
3287 2080 3447 2143 hanc
3489 2079 3847 2165 periocham

368 2187 601 2251 hahere
641 2209 804 2249 anno
840 2187 949 2249 87.
1033 2185 1236 2269 Igitur
1276 2185 1562 2267 equidem
1600 2185 1693 2247 ita
1733 2182 2067 2267 legendum
2107 2204 2239 2247 esse
2278 2190 2576 2246 statuam=
2645 2182 3102 2262 Quintilianus,
3173 2184 3282 2268 qui
3321 2184 3556 2268 primus
3597 2182 3852 2262 Romae„

359 2292 678 2377 publicata
715 2290 922 2352 schola
960 2288 1253 2349 salarium
1308 2308 1347 2357 e
1386 2288 1533 2348 fiseo
1576 2286 1851 2369 aceepit,
1908 2286 2153 2349 claruit.
2252 2286 2411 2347 Nam
2464 2285 2730 2369 primum
2791 2285 3041 2369 quidem
3096 2306 3259 2348 auno
3323 2287 3430 2348 88.
3489 2305 3615 2369 quo
3684 2304 3848 2347 anno

364 2393 631 2457 Romam
688 2399 979 2465 venerat,
1067 2388 1494 2469 Quintilianus
1568 2388 1819 2450 videtur
1879 2390 2192 2471 aperuisse
2258 2386 2535 2451 scholam
2596 2388 2938 2471 privatam,
3008 2408 3170 2470 quae
3239 2408 3428 2471 quum
3493 2386 3852 2469 frequentis

369 2494 721 2558 auditorum
774 2501 839 2553 et
896 2492 1097 2574 gloria
1156 2490 1579 2573 praeceptoris
1632 2490 1889 2553 floreret
1904 2534 1926 2565 ,
1992 2489 2074 2551 ab
2110 2492 2510 2573 imperatore
2571 2490 2956 2573 Vespasiano
3015 2488 3268 2572 publicu
3329 2490 3670 2551 constituta
3711 2488 3852 2551 aive

367 2596 678 2677 publicata
740 2603 869 2669 est,
938 2594 1027 2655 ita
1079 2601 1150 2654 ut
1216 2592 1336 2675 ipsi
1395 2591 1790 2671 Quintiliano
1848 2600 2113 2655 centena
2152 2612 2359 2654 annua
2396 2590 2651 2675 publice
2719 2591 3244 2667 concederentur,
3310 2590 3554 2653 scilieet
3591 2598 3852 2675 praeter

369 2697 678 2779 stipendia
693 2741 715 2772 ,
750 2718 913 2780 quae
945 2695 1236 2779 privatim
1279 2696 1485 2759 soluta
1524 2701 1672 2757 sunt
1712 2694 1791 2755 ah
1832 2692 2235 2759 auditoribus.
2251 2692 2310 2779 ²)

536 2824 1000 2910 Utramcunque
1042 2847 1194 2890 vero
1236 2822 1569 2889 lectionem
1622 2824 1955 2910 acceperis,
1997 2824 2118 2889 hoc
2142 2824 2338 2902 vides,
2382 2824 2851 2911 Hieronymum,
2891 2845 3077 2907 quum
3116 2821 3374 2887 dlxerit=
3419 2808 3850 2906 Qui-accepti,

370 2927 536 2991 hanc
577 2931 1064 2994 enuntiationem
1125 2927 1453 2992 relativam
1494 2949 1623 2990 non
1678 2929 1917 2990 referre
1980 2926 2061 2989 ad
2102 2949 2328 2991 annum
2369 2927 2494 3003 89,
2560 2927 2630 2988 in
2683 2947 2868 3010 quem
2919 2927 3057 2989 sola
3119 2927 3397 3010 pertinet
3465 2923 3847 2988 enuntiatio=

374 3029 799 3115 Quintilianus
837 3035 1096 3095 claruit:
1143 3031 1255 3092 sed
1294 3030 1377 3092 ad
1418 3052 1643 3093 unum
1670 3030 1941 3115 aliquem
1965 3032 2346 3115 superiorem
2363 3075 2384 3108 ‚
2426 3050 2735 3112 quumque
2764 3028 2843 3089 ad
2872 3049 3098 3090 annum
3127 3029 3229 3090 74.
3255 3049 3380 3090 non
3408 3027 3850 3102 annotavissct,

368 3131 815 3214 Vespasianum
854 3133 1207 3198 rhetoribus
1246 3131 1508 3194 Graecis
1546 3133 1879 3217 latinisque
1922 3154 1995 3195 ae
2034 3133 2308 3216 principi
2350 3152 2562 3194 eorum
2603 3129 2996 3209 Quintiliano
3017 3173 3038 3202 ,
3079 3139 3344 3192 centena
3387 3150 3591 3189 annua
3621 3126 3849 3190 consti-2

368 3235 598 3308 tuisse,
656 3255 786 3295 rem
825 3235 1000 3301 illam
1040 3237 1107 3298 in
1148 3244 1376 3300 statum
1416 3233 1737 3296 literarum
1790 3255 1939 3297 sane
1994 3235 2450 3316 gravissimam,
2513 3233 2807 3316 supplere
2869 3231 3150 3314 voluisse⁸
3199 3231 3264 3316 in
3319 3229 3719 3292 annotatione
3763 3226 3850 3292 ad

373 3359 428 3400 a.
468 3337 577 3400 89.
618 3336 867 3420 scripta.
949 3339 1180 3400 Verum
1224 3336 1291 3398 in
1333 3335 1850 3420 interpretatione
1896 3337 2065 3400 vocis
2108 3337 2336 3400 claruit
2393 3343 2458 3397 et
2515 3335 2651 3418 ipse
2691 3332 3082 3395 Dodwellins
3142 3333 3262 3396 hoe
3303 3331 3548 3395 nomine
3589 3330 3842 3394 videtur

370 3438 523 3510 mihi
545 3437 1093 3522 reprehendendus
1121 3461 1250 3506 esse
1278 3441 1447 3524 quod
1466 3440 1830 3524 repetiverit
1856 3439 2040 3501 altius
2066 3461 2183 3501 nee
2206 3439 2652 3522 Hieronymum
2679 3435 3088 3520 explicaverit
3111 3457 3190 3498 ex
3217 3435 3620 3519 Hieronymo.
3688 3433 3850 3495 Nam

367 3541 741 3606 Dodwellus
765 3550 977 3624 putat,
1022 3543 1211 3603 verba
1250 3541 1718 3626 „Quintilianus
1742 3524 2013 3607 elarini&
2052 3541 2221 3604 idem
2252 3539 2622 3623 significare,
2650 3545 2837 3621 atque
2864 3537 3058 3613 illud,
3101 3537 3272 3620 quod
3310 3537 3375 3598 in
3404 3535 3851 3598 constitutione

371 3643 601 3712 codicis
643 3643 1030 3708 Thedosiani
1069 3643 1113 3704 1.
1159 3641 1262 3706 12.
1302 3646 1399 3707 tit.
1442 3645 1562 3720 15,
1628 3644 1795 3706 infra
1832 3643 2012 3706 nohis
2052 3640 2626 3714 commemoranda,
2667 3641 2900 3703 dictum
2939 3649 3063 3702 est:
3103 3637 3441 3701 honoratus
3481 3646 3546 3700 et
3587 3638 3706 3714 his,
3742 3635 3853 3721 qui

381 3755 522 3809 sunt
562 3768 642 3809 ex
680 3746 913 3809 vicaria
952 3745 1285 3828 dignitate,
1326 3744 1475 3830 (hoc
1518 3755 1613 3809 est
1656 3747 1806 3810 viris
1842 3743 2271 3828 nobilissimis)
2314 3751 2790 3808 connumeratus
2818 3752 2928 3805 est.
3012 3741 3210 3823 Atqui
3236 3741 3404 3802 idem
3429 3739 3856 3824 Hieronymus·

374 3844 455 3906 de
494 3845 764 3912 Asconio
805 3847 1119 3922 Pediano,
1162 3849 1271 3932 qui
1314 3857 1566 3911 auctore
1604 3847 1930 3932 Madvigio
1948 3844 2006 3930 ι)
2044 3847 2263 3932 paullo
2306 3855 2450 3909 ante
2493 3867 2722 3908 annum
2758 3846 3021 3930 primum
3063 3841 3302 3904 Christi
3343 3852 3526 3905 natus
3565 3851 3693 3916 est,
3761 3837 3844 3900 ad

374 3966 601 4016 annum
644 3950 745 4011 77.
790 3949 923 4034 ipse
970 3959 1229 4013 annotat
1265 3948 1452 4012 haecz
1496 3951 1576 4030 Q.
1620 3951 1930 4014 Asconius
1968 3949 2285 4013 Pedianus
2308 3949 2576 4032 scriptor
2601 3948 2930 4011 historicus
2974 3947 3180 4008 clarus
3221 3945 3483 4008 habetur·
3527 3945 3636 4027 qui
3679 3941 3860 4004 75*

374 4047 599 4112 aetatis
640 4069 784 4114 suae
828 4075 986 4116 anno
1025 4059 1255 4137 captus
1280 4050 1614 4114 luminibus
1631 4097 1651 4127 ,
1692 4053 2021 4116 duodecim
2057 4057 2203 4136 post
2262 4053 2439 4114 annis
2482 4051 2549 4112 in
2573 4069 2806 4112 summo
2845 4047 3112 4110 omnium
3150 4046 3386 4111 honore
3413 4045 3858 4110 consenescit-⁸⁸

372 4151 466 4217 At
504 4169 621 4242 ego
662 4171 743 4214 ex
784 4153 903 4216 hoc
942 4154 1315 4244 Hieronymi
1353 4154 1496 4216 loco
1534 4153 1835 4238 colligere
1872 4176 2055 4239 posse
2094 4153 2247 4217 mihi
2296 4155 2517 4218 videor
2555 4173 2612 4215 a.
2647 4152 2712 4216 4.
2753 4173 2817 4238 p.
2858 4150 3008 4217 Chr.
3051 4159 3267 4217 uatum
3309 4170 3442 4212 esse
3484 4148 3850 4223 As,conium

420 4355 473 4427 Ι)
509 4357 795 4408 Dodwellu·
832 4359 1015 4412 Διιοιι.
1050 4361 1271 4425 Quintil.
1306 4359 1360 4432 ς.
1401 4379 1458 4416 ιι
1494 4361 1645 4434 legit:
1688 4363 1869 4432 „nQni
1836 4361 2094 4423 atilianus,
2125 4363 2213 4432 qui
2246 4361 2438 4428 primus
2469 4363 2660 4413 Romae
2687 4377 2756 4426 pa
2723 4357 2940 4411 aihlcam
2978 4356 3199 4408 scholam
3227 4356 3424 4423 aperuit
3455 4363 3510 4405 et
3540 4353 3642 4404 nala
3645 4353 3724 4404 riu
3727 4366 3778 4406 m
3823 4369 3858 4406 a

515 4445 696 4495 fluo·
724 4447 833 4511 eeip
816 4457 887 4507 ιι
920 4447 997 4496 cal
1000 4448 1121 4499 ruit.

409 4531 476 4600 s)
512 4533 585 4584 sn
589 4548 723 4582 mma
758 4535 933 4586 aerarii
972 4534 1177 4599 fiscique
1208 4533 1261 4588 in
1266 4533 1397 4598 opha
1430 4537 1495 4586 d·
1528 4555 1627 4601 qua
1598 4548 1729 4590 ates
1732 4537 1947 4594 lineatus
1986 4554 2041 4590 us
2018 4537 2151 4590 stin
2152 4536 2230 4590 ito
2262 4533 2434 4588 statim
2467 4533 2776 4604 principatu:
2809 4535 3054 4602 proteum
3051 4531 3278 4603 ,squar
3273 4531 3494 4600 symm
3525 4530 3764 4582 milh’ces
3733 4545 3861 4598 opus
3990 4521 4006 4528 ”

514 4635 637 4678 esse,
671 4631 729 4670 ut
763 4623 1039 4685 respublica
1070 4605 1205 4691 staie
1174 4633 1419 4688 epos-et.
1487 4621 1583 4673 sue
1556 4633 1691 4678 etou.
1722 4625 1875 4691 Vesp.
1916 4625 1994 4677 ..6

411 4711 477 4774 3)
510 4709 749 4760 tactio·
752 4717 913 4759 utem:
946 4699 1169 4762 scholam
1200 4712 1399 4776 aper-ie
1432 4726 1572 4762 mera
1604 4721 1683 4762 est
1714 4727 1808 4763 cen
1818 4713 2011 4778 iectura
2042 4711 2203 4764 Dodw
2206 4709 2317 4772 elli

416 4793 483 4865 4)
517 4797 599 4854 ct'.
634 4797 855 4892 Ποδῆς.
924 4798 1131 4852 Asconii
1160 4798 1367 4854 redi-ni
1396 4810 1452 4856 et
1487 4799 1707 4856 aliorum
1740 4809 1863 4857 vett.
1894 4796 2106 4868 interpr.
2140 4799 2199 4854 iu
2233 4797 2492 4856 Ciceronis
2523 4807 2674 4859 oratt.
2709 4792 3106 4852 commentariis·
3171 4791 3318 4864 nup.
3349 4792 3463 4850 crit.
3503 4793 3674 4852 Earn.
3711 4793 3858 4856 132⁸,

4047 4603 4205 4799 fel!

4117 4806 4152 4907 l
