4613 5656
1852 232 2412 311 du·-

386 444 609 495 ηοω
646 424 835 489 modo
874 422 1195 497 instituta,
1249 422 1362 485 sed
1422 440 1581 506 quae
1610 418 1741 505 jam
1782 420 2064 486 omnibus
2111 428 2265 484 nota
2313 421 2396 483 sit
2435 426 2622 503 atque
2671 424 2949 505 experta.
3031 418 3272 504 Quodsi
3324 431 3636 489 certamen
3693 426 3857 491 illud

386 530 741 595 institutum
778 534 873 591 est
913 546 1077 588 anno
1116 524 1365 587 demum
1404 524 1532 599 86,
1592 524 1904 608 sequitur,
1954 534 2063 601 ut,
2119 544 2310 609 quum
2360 520 2782 604 Quintilianus
2831 522 3062 585 librum
3099 526 3354 589 tertium
3401 528 3858 593 institutionum

383 652 639 712 suarum
678 628 1015 703 scriberet,
1074 626 1174 690 bis
1230 636 1399 691 certe
1442 626 1822 691 celebratum
1860 628 2068 692 fuerit.
2149 626 2354 709 Igitur
2403 622 2827 708 Quintilianus
2877 624 3110 688 librum
3157 627 3412 691 tertium
3447 639 3595 715 post
3637 652 3860 695 annum

391 736 491 800 B!
532 732 947 805 concinnavit.
3905 760 3936 802 .

557 860 808 925 Deinde
848 858 1271 943 Quintilianus
1310 856 1375 918 in
1414 856 1733 940 prooemio
1772 854 1921 917 libri
1963 854 2172 940 quarti
2226 854 2652 920 Domitianum
2696 863 2766 919 ut
2807 854 3010 919 Deum
3049 852 3322 939 aliquem
3370 854 3701 922 vene'ratus
3743 868 3857 922 est.

386 964 557 1028 Sunt
598 962 887 1083 quidem,
943 961 1052 1046 qui
1092 960 1339 1022 nimiam
1382 959 1564 1021 Fabii
1601 960 1671 1021 in
1713 957 2136 1020 Domitianum
2177 957 2600 1021 adulationem
2640 959 2877 1043 agitent
2919 964 2986 1019 et
3025 957 3438 1061 exprobrent,
3481 958 3589 1043 qui
3626 968 3856 1035 tamen,

390 1086 582 1151 quum
621 1066 689 1127 in
731 1064 949 1125 umbra
989 1060 1237 1126 scholae
1282 1059 1752 1134 consenuerint,
1805 1080 2014 1123 rerum
2042 1057 2434 1143 publicarum
2487 1061 2821 1145 inexperti,
2869 1056 3144 1143 linguam
3184 1041 3496 1143 quandam
3533 1048 3860 1145 officiosam

384 1165 774 1253 distinguere
830 1166 1109 1229 nesciant
1164 1165 1242 1225 ab
1299 1164 1486 1225 animi
1544 1162 1805 1225 veritate
1859 1167 1925 1225 et
1981 1182 2187 1224 amore
2241 1160 2572 1225 libertatis.
2661 1164 2788 1246 Qui
2838 1162 3032 1224 iidem
3089 1170 3298 1224 tamen
3344 1163 3860 1239 animadvertant,-

392 1277 628 1355 quanta
668 1276 801 1331 arte
845 1289 921 1331 ae
958 1267 1311 1351 prudentia
1334 1265 1753 1349 Quintilianus
1811 1264 2056 1328 divinos
2097 1263 2364 1326 bonores
2403 1264 2738 1327 contulerit
2793 1264 2858 1327 in
2910 1264 3349 1327 Domitianum.
3429 1264 3646 1348 Neque
3697 1266 3864 1327 enim

389 1373 593 1436 Deum
632 1370 832 1455 ipsum
883 1371 1113 1433 diserte
1152 1369 1457 1453 appellat,
1501 1368 1635 1443 sed,
1672 1366 1824 1427 mihi
1863 1387 2134 1451 quoque,
2168 1366 2397 1450 inquit,
2437 1368 2722 1450 profecto
2765 1366 3000 1449 ignosci
3037 1366 3296 1449 poterit,
3335 1366 3420 1441 si,
3449 1368 3622 1452 quod
3659 1364 3865 1441 initio,

386 1494 531 1558 quo.
571 1474 834 1558 primum
890 1472 1053 1535 banc
1114 1462 1435 1533 materiam
1489 1469 1808 1542 inchoavi,
1872 1490 1999 1532 non
2050 1469 2340 1545 feceram,
2380 1487 2546 1531 nunc
2603 1488 2812 1531 omnes
2865 1466 2932 1528 in
2988 1467 3288 1530 auxilium
3340 1469 3491 1531 deos
3541 1469 3865 1553 ipsumque

390 1576 712 1660 inprimis,
767 1596 893 1659 quo
942 1595 1144 1657 neque
1193 1574 1579 1656 praesentius
1633 1570 1837 1646 aliud,
1890 1592 2006 1643 nec
2046 1571 2270 1633 studiis
2311 1570 2505 1653 magis
2549 1571 2888 1654 propitium
2931 1590 3160 1631 numen
3199 1578 3328 1645 est,
3365 1571 3685 1645 invocem,
3729 1592 3865 1653 sqq.
3951 1578 3964 1629 “.

392 1678 596 1763 Atqui
648 1678 1073 1752 Domitianus,
1129 1676 1245 1739 etsi
1303 1684 1461 1739 teste
1503 1674 1888 1759 Hieronymo
1928 1674 1995 1737 in
2038 1673 2366 1750 chronico,
2410 1672 2544 1755 jam
2583 1694 2745 1734 anno
2790 1672 2994 1735 88mo
3055 1671 3390 1733 Dominum
3449 1692 3515 1734 se
3559 1681 3622 1735 et
3667 1667 3871 1735 Deum

393 1770 719 1865 appellare
753 1778 1045 1861 jusserat,
1085 1786 1290 1840 tamen
1331 1779 1539 1841 edicto
1585 1798 1747 1839 anno
1789 1777 2035 1838 demum
2074 1776 2181 1839 81.
2224 1775 2344 1838 boe
2385 1776 2775 1839 constituisse
2817 1775 3083 1837 videtur.
3126 1774 3204 1837 cf.
3247 1774 3492 1859 Zumpt.
3531 1774 3763 1837 Annal.
3804 1796 3866 1857 p.
3927 1816 3937 1828 -
4021 1818 4028 1825 -

402 1883 551 1973 122·
634 1882 781 1945 Jam
824 1902 953 1944 non
996 1882 1276 1965 putabis,
1330 1879 1815 1964 Quintilianum,
1878 1879 2077 1941 virum
2134 1878 2662 1952 honestissimum,
2715 1878 2888 1960 prius
2945 1877 3025 1939 ad
3084 1884 3289 1939 tantas
3345 1884 3596 1959 tamque
3652 1876 3868 1938 foedas
3964 1880 3973 1885 “

396 1984 795 2048 descendisse
863 1982 1286 2059 adulationes,
1341 2004 1525 2067 quam
1580 1983 1789 2047 edicto
1838 1981 1993 2045 illae
2053 1983 2467 2065 exigerentur.
2552 1980 2774 2063 Itaque
2815 1988 2882 2043 et
2926 1977 3030 2043 hic
3082 1978 3260 2043 locus
3312 1979 3539 2063 probat
3555 2025 3576 2055 ,
3640 1974 3870 2043 librum

398 2094 689 2174 quartum
727 2086 1137 2169 compositum
1176 2106 1309 2151 csse
1352 2087 1565 2170 utique
1610 2094 1753 2169 post
1783 2090 2022 2146 'annum
2062 2084 2171 2147 91.

559 2218 728 2283 Tun
766 2216 1192 2296 Quintilianus
1232 2218 1300 2279 in
1336 2216 1656 2301 prooemio
1696 2214 1847 2277 libri
1888 2212 2071 2291 sexti,
2111 2234 2236 2300 quo
2278 2214 2638 2297 gravissime
2683 2212 3082 2296 conqueritur
3116 2210 3197 2275 de
3227 2212 3450 2275 amisso
3491 2210 3675 2275 unico
3717 2202 3874 2285 filio,

389 2320 475 2385 dc
520 2340 647 2405 quo
682 2340 915 2383 summa
956 2320 1382 2404 concepisset,
1438 2321 1505 2381 in
1554 2339 1677 2401 quo
1720 2339 1893 2401 spem
1936 2318 2177 2381 unicam
2214 2318 2552 2379 senectutis
2592 2323 2961 2400 reponeret,
3008 2314 3102 2378 ita
3137 2312 3302 2377 forte
3345 2310 3608 2391 accidit,
3648 2314 3874 2399 inquit,

394 2433 466 2487 nt
510 2426 651 2485 c'um
693 2442 940 2507 quoque
980 2422 1243 2497 librum,
1297 2440 1481 2505 quem
1545 2420 1623 2483 de
1669 2421 1897 2484 caussis
1940 2428 2269 2505 corruptae
2315 2418 2707 2503 eloquentiae
2769 2416 2975 2504 emisi,
3017 2414 3148 2498 jam
3199 2416 3476 2481 scribere
3531 2432 3884 2501 aggressus,

394 2525 527 2589 ictu
568 2522 758 2587 simili
797 2518 1039 2587 ferirer.
1122 2524 1503 2599 Accessisse,
1550 2522 1721 2608 quod
1758 2523 1934 2606 prius
1975 2531 2039 2585 et
2076 2521 2329 2605 quidem
2369 2522 2585 2604 paucis
2623 2519 2934 2581 mensibus
2975 2526 3120 2581 ante
3165 2518 3402 2581 obitum
3439 2519 3558 2580 filii
3595 2520 3869 2581 minoris.

401 2626 653 2711 (Quint.
712 2627 779 2690 6.
846 2624 951 2687 Pr.
1013 2624 1108 2708 8.)
1175 2634 1318 2688 ante
1377 2624 1538 2687 lilios
1594 2622 1821 2688 acerbo
1880 2632 2079 2688 morte
2150 2623 2515 2698 defunctos,
2591 2621 2714 2683 sibi
2765 2620 3105 2683 eorundem
3157 2628 3356 2683 mater
3409 2629 3628 2705 erepta
3677 2629 3860 2696 esset,

404 2746 565 2809 quae
606 2728 880 2791 nondum
922 2727 1179 2811 expleto
1222 2728 1445 2789 aetatis
1478 2727 1936 2795 undevicesimo
1980 2748 2141 2789 anno
2181 2725 2338 2788 duos
2381 2726 2566 2789 enixa
2603 2724 2768 2787 filios
2810 2723 3187 2786 decessisset.
3271 2724 3472 2804 Quam
3524 2743 3662 2787 cnm
3702 2724 3872 2789 omni

398 2830 631 2894 virtute
650 2876 674 2904 ,
720 2853 878 2914 quae
920 2830 988 2896 in
1026 2831 1287 2892 feminas
1329 2830 1605 2906 caderet,
1651 2831 2045 2907 defunctam,
2085 2827 2494 2892 insanabilem
2537 2825 2814 2889 attulisse
2856 2824 3080 2888 marito
3121 2823 3438 2901 dolorem,
3496 2834 3629 2889 tum
3667 2835 3875 2894 aetate

398 2939 531 2994 tam
565 2934 851 3016 puellari,
883 2935 1251 3017 pracsertim
1293 2953 1439 2994 suae
1482 2943 1860 3016 comparata,
1902 2953 2086 3016 posse
2131 2942 2195 2996 et
2234 2933 2432 3015 ipsam
2469 2931 2638 2994 inter
2680 2929 2940 2992 vulnera
2985 2927 3270 2991 orbitatis
3315 2930 3648 2991 numerari.
3727 2929 3776 2992 J
3777 2951 3878 2994 am

398 3033 592 3116 igitur
632 3033 751 3096 sibi
788 3033 986 3098 filiam
1028 3035 1349 3110 minorem,
1388 3033 1672 3116 quintum
1712 3055 2023 3118 egressum
2068 3055 2318 3112 annum,
2358 3033 2633 3118 priorem
2659 3032 2923 3094 alterum
2967 3051 3047 3092 ex
3088 3028 3330 3091 duobus
3369 3031 3602 3096 eruisse
3641 3031 3877 3110 lumen,

398 3135 557 3200 Post
596 3134 751 3198 baec
790 3157 942 3198 vero
984 3137 1464 3216 Quintilianum,
1506 3134 1799 3218 majorem
1838 3137 2036 3200 tilium
2050 3181 2071 3213 ‚
2100 3136 2233 3220 jam
2270 3135 2561 3200 decimus
2601 3134 2824 3198 aetatis
2863 3134 3205 3216 ingressum
3245 3151 3470 3194 annum
3486 3176 3508 3210 ,
3546 3133 3874 3198 immatura

400 3245 605 3302 morte
646 3238 925 3300 functum
968 3260 1123 3304 esse.

567 3363 673 3430 Ex
712 3367 947 3429 nostris
980 3369 1322 3432 rationibus
1363 3368 1787 3451 Quintilianus
1828 3366 2057 3431 librum
2088 3376 2330 3432 sextum
2388 3363 2848 3428 institutionum
2887 3361 3136 3448 scripsit
3170 3381 3332 3425 anno
3371 3362 3480 3426 95.
3547 3366 3690 3450 Quo
3713 3385 3880 3429 anno

401 3489 596 3554 quum
636 3468 807 3532 lilius
843 3468 1039 3551 major
1078 3469 1289 3533 decem
1332 3491 1525 3534 annos
1564 3479 1747 3532 natus
1786 3468 2035 3545 obierit,
2074 3469 2239 3534 filius
2278 3470 2482 3532 minor
2522 3470 2634 3552 qui
2669 3468 2871 3552 primo
2915 3469 3078 3527 anno
3116 3473 3262 3548 post
3299 3464 3594 3548 maJorem
3616 3468 3876 3532 fratrem

401 3573 653 3636 videtur
692 3578 875 3633 natus
908 3591 1062 3646 esse,
1089 3569 1207 3634 boe
1246 3581 1339 3636 est
1382 3593 1545 3634 anuo
1578 3573 1693 3648 84,
1730 3581 2009 3634 mortuus
2052 3581 2148 3637 est
2181 3593 2345 3634 anno
2383 3571 2498 3646 88,
2537 3571 2755 3634 eodem
2796 3589 2985 3644 anno,
3025 3586 3151 3649 quo
3191 3587 3424 3650 paucos
3467 3576 3610 3631 ante
3633 3590 3876 3633 menses

404 3693 561 3738 uxor
598 3673 977 3758 Quintiliani
1014 3674 1385 3748 decesserat,
1419 3674 1636 3746 eodem
1680 3696 1863 3750 anno,
1908 3695 2035 3758 quo
2065 3674 2462 3792 professione
2501 3673 2756 3757 publica
2797 3671 3038 3733 solutus
3076 3678 3188 3732 est.
3273 3671 3371 3734 Ac
3411 3669 3704 3734 videntur
3727 3671 3878 3734 mibi

412 3773 570 3839 duae
604 3777 756 3840 illae
800 3775 1227 3838 acerbissimae
1268 3786 1500 3839 mortes
1538 3784 1602 3838 et
1642 3779 1853 3838 uxoris
1894 3786 1959 3839 et
1998 3775 2254 3837 minoris
2299 3775 2419 3836 filii
2459 3774 2798 3858 praecipua
2838 3773 3028 3835 fuisse
3066 3795 3286 3848 causa,
3331 3773 3503 3862 qnod
3540 3773 3768 3835 Fabius
3809 3781 3876 3836 et

411 3879 835 3962 praecipiendi
872 3897 1093 3940 munus
1139 3887 1205 3939 et
1249 3879 1525 3940 actiones
1583 3879 1859 3941 forenses
1911 3879 2354 3962 deprecaretur
2405 3885 2472 3940 et
2517 3875 2894 3960 inquirendo
2952 3873 3404 3960 scribendoque
3457 3874 3650 3938 otium
3699 3893 3879 3936 suum

412 3977 855 4043 consolaretur.
897 3982 996 4042 Cf.
1040 3980 1195 4043 Inst.
1236 3979 1299 4041 Ω.
1346 3979 1449 4041 ¹2.
1495 3980 1595 4043 12.
1680 3981 1881 4064 Atqui
1919 3979 2181 4054 Fabius,
2247 3979 2358 4063 qui
2416 3999 2579 4041 anno
2619 3979 2712 4042 55
2770 3986 2952 4040 natus
3009 3998 3174 4040 anno
3239 3978 3333 4042 88
3383 3978 3602 4040 aetatis
3651 3994 3878 4038 annm

414 4077 641 4161 agebat
678 4083 1253 4164 quinquagesimum
1295 4091 1608 4166 quartum,
1640 4082 1800 4145 benc
1839 4083 2049 4146 dicere
2079 4089 2352 4166 poterat,
2384 4090 2646 4144 aetatem
2688 4080 2920 4154 uxoris,
2957 4081 3414 4142 undevicesimo
3457 4077 3677 4140 aetatis
3714 4097 3878 4140 anno

410 4189 729 4256 mortuae,
788 4186 1118 4264 puellarem
1187 4207 1319 4248 esse
1386 4185 1753 4268 praesertim
1819 4205 1967 4246 suae
2020 4191 2455 4267 comparatam.
2561 4183 2624 4244 N
2626 4203 2723 4242 am
2783 4182 2919 4266 ipsa
2972 4204 3089 4266 per
3136 4204 3203 4244 se
3266 4187 3437 4244 actas
3489 4179 3700 4242 uxoris
3751 4199 3881 4242 non

411 4281 745 4446 adrlnodum
783 4281 1083 4365 puellaris
1123 4296 1297 4363 crat,
1357 4287 1647 4372 quoniam
1710 4285 1877 4369 apud
1934 4285 2247 4348 Romanos
2289 4283 2456 4348 tiliae
2513 4284 2643 4366 jam
2690 4293 2836 4369 post
2888 4283 3320 4347 duodecimum
3385 4282 3607 4346 aetatis
3651 4301 3879 4346 annum

408 4403 495 4448 nu
542 4406 645 4447 ere
668 4385 977 4448 solebant.

568 4506 658 4569 At
700 4529 777 4568 ex
817 4506 1157 4570 flummelii
1197 4508 1691 4584 ratiocinatione,
1732 4532 1918 4593 quum
1959 4507 2384 4594 Quintilianus
2421 4505 2653 4568 librum
2693 4512 2936 4568 sextum
2980 4524 3143 4568 anno
3181 4504 3275 4566 87
3311 4502 3674 4587 scripsisset,
3719 4521 3878 4564 uxor

402 4607 596 4694 ipsius
638 4618 879 4671 mortua
917 4621 1079 4674 essct
1124 4631 1287 4672 anno
1328 4611 1441 4686 85,
1484 4631 1608 4692 quo
1650 4632 1810 4672 anno
1854 4613 2012 4694 ipse,
2052 4632 2240 4696 quum
2280 4617 2462 4673 natus
2505 4617 2686 4684 esset,
2728 4617 2800 4670 ut
2844 4616 3026 4689 putat
3074 4605 3384 4668 flummel.
3426 4626 3481 4667 a.
3517 4603 3628 4668 58.
3651 4625 3882 4668 annum

406 4712 631 4776 aetatis
684 4710 909 4795 egisset
947 4712 1478 4796 quadragesimum
1534 4712 1850 4796 quintum,
1908 4713 2097 4793 igitur
2152 4711 2223 4776 in
2260 4714 2418 4778 flore
2471 4712 2694 4778 aetatis
2727 4711 2928 4776 virilis
2965 4709 3202 4776 sainct.
3285 4707 3448 4775 Utra
3483 4707 3648 4774 ratio
3687 4705 3880 4792 magis

406 4815 769 4893 conveniat,
808 4833 939 4878 non
980 4821 1108 4890 est,
1149 4816 1317 4898 quod
1354 4815 1643 4902 pluribus
1686 4833 2083 4900 exponamus.
